% This file was created with JabRef 2.7.2.
% Encoding: Cp1252

@UNPUBLISHED{Pacheco-Evolutionofnorms-2007,
  author = {Pacheco},
  title = {Evolution of norms in a multi-level selection model of
	
	conflict and cooperation},
  year = {2007},
  crossref = {up},
  file = {Pacheco-Evolutionofnorms-2007.pdf:Pacheco-Evolutionofnorms-2007.pdf:PDF;Pacheco-Evolutionofnorms-2007.pdf:Pacheco-Evolutionofnorms-2007.pdf:PDF;Pacheco-Evolutionofnorms-2007.pdf:Pacheco-Evolutionofnorms-2007.pdf:PDF},
  keywords = {Game Theory, Game Theory Social Norms},
  owner = {floha},
  pdf = {Pacheco-Evolutionofnorms-2007.pdf},
  timestamp = {2007.08.02}
}

@ARTICLE{Archetti-Economicgametheory-2011,
  author = {Archetti, Marco and Scheuring, István and Hoffman, Moshe and Frederickson,
	Megan E. and Pierce, Naomi E. and Yu, Douglas W.},
  title = {Economic game theory for mutualism and cooperation},
  journal = {Ecology Letters},
  year = {2011},
  pages = {no--no},
  abstract = {Ecology Letters (2011) Abstract We review recent work at the interface
	of economic game theory and evolutionary biology that provides new
	insights into the evolution of partner choice, host sanctions, partner
	fidelity feedback and public goods. (1) The theory of games with
	asymmetrical information shows that the right incentives allow hosts
	to screen-out parasites and screen-in mutualists, explaining successful
	partner choice in the absence of signalling. Applications range from
	ant-plants to microbiomes. (2) Contract theory distinguishes two
	longstanding but weakly differentiated explanations of host response
	to defectors: host sanctions and partner fidelity feedback. Host
	traits that selectively punish misbehaving symbionts are parsimoniously
	interpreted as pre-adaptations. Yucca-moth and legume-rhizobia mutualisms
	are argued to be examples of partner fidelity feedback. (3) The theory
	of public goods shows that cooperation in multi-player interactions
	can evolve in the absence of assortment, in one-shot social dilemmas
	among non-kin. Applications include alarm calls in vertebrates and
	exoenzymes in microbes.},
  file = {Archetti-Economicgametheory-2011.pdf:Archetti-Economicgametheory-2011.pdf:PDF},
  issn = {1461-0248},
  keywords = {Coevolution, common-pool resource, cooperation, game theory, host
	sanctions, mutualism, N-person prisoner’s dilemma, public goods,
	symbiosis, volunteer’s dilemma},
  owner = {floha},
  publisher = {Blackwell Publishing Ltd},
  timestamp = {2011.10.29},
  url = {http://dx.doi.org/10.1111/j.1461-0248.2011.01697.x}
}

@ARTICLE{Axelrod-EvolutionOfCooperation-1981,
  author = {Axelrod, R. and Hamilton, W. D.},
  title = {The evolution of cooperation},
  journal = {Science},
  year = {1981},
  volume = {211},
  pages = {1390--1396},
  number = {4489},
  file = {Axelrod-EvolutionOfCooperation-1981.pdf:Game Theory\\Evolutionary Game Theory Classe MPI Leipzig\\Axelrod-EvolutionOfCooperation-1981.pdf:PDF;Axelrod-EvolutionOfCooperation-1981.pdf:Game Theory\\Evolutionary Game Theory Classe MPI Leipzig\\Axelrod-EvolutionOfCooperation-1981.pdf:PDF;Axelrod-EvolutionOfCooperation-1981.pdf:Game Theory\\Evolutionary Game Theory Classe MPI Leipzig\\Axelrod-EvolutionOfCooperation-1981.pdf:PDF},
  keywords = {Game Theory},
  owner = {floha},
  pdf = {Game Theory\Evolutionary Game Theory Classe MPI Leipzig\Axelrod-EvolutionOfCooperation-1981.pdf},
  sn = {0036-8075},
  timestamp = {2007.07.02},
  ut = {ISI:A1981LG07300011}
}

@ARTICLE{Cherry-Hardnosedictator-2002,
  author = {Cherry, T. L. and Frykblom, P. and Shogren, J. F.},
  title = {Hardnose the dictator},
  journal = {American Economic Review},
  year = {2002},
  volume = {92},
  pages = {1218--1221},
  number = {4},
  month = sep,
  file = {Cherry-Hardnosedictator-2002.pdf:Game Theory\\Evolutionary Game Theory Classe MPI Leipzig\\Cherry-Hardnosedictator-2002.pdf:PDF;Cherry-Hardnosedictator-2002.pdf:Game Theory\\Evolutionary Game Theory Classe MPI Leipzig\\Cherry-Hardnosedictator-2002.pdf:PDF;Cherry-Hardnosedictator-2002.pdf:Game Theory\\Evolutionary Game Theory Classe MPI Leipzig\\Cherry-Hardnosedictator-2002.pdf:PDF},
  keywords = {Game Theory, Experimental Economics, Game Theory Evolutionary},
  owner = {floha},
  pdf = {Game Theory\Evolutionary Game Theory Classe MPI Leipzig\Cherry-Hardnosedictator-2002.pdf},
  sn = {0002-8282},
  timestamp = {2007.06.26},
  ut = {ISI:000178976700032}
}

@ARTICLE{Cooper-CommunicationInCoordination-1992,
  author = {Cooper, R. and Dejong, D. V. and Forsythe, R. and Ross, T. W.},
  title = {Communication In Coordination Games},
  journal = {Quarterly Journal of Economics},
  year = {1992},
  volume = {107},
  pages = {739--771},
  number = {2},
  month = may,
  file = {Cooper-CommunicationInCoordination-1992.pdf:Cooper-CommunicationInCoordination-1992.pdf:PDF;Cooper-CommunicationInCoordination-1992.pdf:Cooper-CommunicationInCoordination-1992.pdf:PDF;Cooper-CommunicationInCoordination-1992.pdf:Cooper-CommunicationInCoordination-1992.pdf:PDF},
  keywords = {Game Theory Coordination Games},
  owner = {floha},
  pdf = {Cooper-CommunicationInCoordination-1992.pdf},
  sn = {0033-5533},
  timestamp = {2007.06.29},
  ut = {ISI:A1992HV37600014}
}

@ARTICLE{Demski-OptimalIncentiveContracts-1984,
  author = {Demski, J. S. and Sappinton, D.},
  title = {Optimal Incentive Contracts With Multiple Agents},
  journal = {Journal of Economic theory},
  year = {1984},
  volume = {33},
  pages = {152--171},
  number = {1},
  doi = {doi:10.1016/0022-0531(84)90045-0},
  file = {Demski-OptimalIncentiveContracts-1984.pdf:Demski-OptimalIncentiveContracts-1984.pdf:PDF;Demski-OptimalIncentiveContracts-1984.pdf:Demski-OptimalIncentiveContracts-1984.pdf:PDF;Demski-OptimalIncentiveContracts-1984.pdf:Demski-OptimalIncentiveContracts-1984.pdf:PDF},
  keywords = {Game Theory Coordination Games},
  owner = {floha},
  pdf = {Demski-OptimalIncentiveContracts-1984.pdf},
  sn = {0022-0531},
  timestamp = {2007.06.28},
  ut = {ISI:A1984SY27800009}
}

@ARTICLE{Farrell-Cheaptalk-1996,
  author = {Farrell, J. and Rabin, M.},
  title = {Cheap talk},
  journal = {Journal of Economic Perspectives},
  year = {1996},
  volume = {10},
  pages = {103--118},
  number = {3},
  file = {Farrell-Cheaptalk-1996.pdf:Farrell-Cheaptalk-1996.pdf:PDF;Farrell-Cheaptalk-1996.pdf:Farrell-Cheaptalk-1996.pdf:PDF;Farrell-Cheaptalk-1996.pdf:Farrell-Cheaptalk-1996.pdf:PDF},
  keywords = {Game Theory Coordination Games},
  owner = {floha},
  pdf = {Farrell-Cheaptalk-1996.pdf},
  sn = {0895-3309},
  timestamp = {2007.06.29},
  ut = {ISI:A1996VD58300007}
}

@ARTICLE{Fehr-Socialnormsand-2004,
  author = {Fehr, Ernst and Fischbacher, Urs},
  title = {Social norms and human cooperation},
  journal = {Trends In Cognitive Sciences},
  year = {2004},
  volume = {8},
  pages = {185--190},
  number = {4},
  month = apr,
  abstract = {The existence of social norms is one of the big unsolved problems
	in social cognitive science. Although no other concept is invoked
	more frequently in the social sciences, we still know little about
	how social norms are formed, the forces determining their content,
	and the cognitive and emotional requirements that enable a species
	to establish and enforce social norms. In recent years, there has
	been substantial progress, however, on how cooperation norms are
	enforced. Here we review evidence showing that sanctions are decisive
	for norm enforcement, and that they are largely driven by non-selfish
	motives. Moreover, the explicit study of sanctioning behavior provides
	instruments for measuring social norms and has also led to deeper
	insights into the proximate and ultimate forces behind human cooperation.},
  file = {Fehr-Socialnormsand-2004.pdf:Fehr-Socialnormsand-2004.pdf:PDF;Fehr-Socialnormsand-2004.pdf:Fehr-Socialnormsand-2004.pdf:PDF;Fehr-Socialnormsand-2004.pdf:Fehr-Socialnormsand-2004.pdf:PDF},
  keywords = {Game Theory Social Norms},
  owner = {floha},
  pdf = {Fehr-Socialnormsand-2004.pdf},
  timestamp = {2007.08.02},
  url = {http://www.sciencedirect.com/science/article/B6VH9-4BVPXVS-1/2/9071d30a0d2a3bb1e02359b77c407645}
}

@UNPUBLISHED{Ferraro-AsymmetricInformationand-2006,
  author = {Ferraro, P.J.},
  title = {Asymmetric Information and Contract Design for Payments for Environmental
	Services},
  year = {2006},
  file = {Ferraro-AsymmetricInformationand-2006.pdf:Ferraro-AsymmetricInformationand-2006.pdf:PDF;Ferraro-AsymmetricInformationand-2006.pdf:Ferraro-AsymmetricInformationand-2006.pdf:PDF;Ferraro-AsymmetricInformationand-2006.pdf:Ferraro-AsymmetricInformationand-2006.pdf:PDF},
  keywords = {Asymmetric Information},
  owner = {floha},
  pdf = {Ferraro-AsymmetricInformationand-2006.pdf},
  timestamp = {2007.07.02},
  url = {http://epp.gsu.edu/pferraro/docs/Ferraro_PES_Eco_Econ%20Revision_Resubmit.pdf}
}

@ARTICLE{Fudenberg-FolkTheoremWith-1994,
  author = {Fudenberg, D. and Levine, D. and Maskin, E.},
  title = {The folk theorem with imperfect public information},
  journal = {Econometrica},
  year = {1994},
  volume = {62},
  pages = {997--1039},
  number = {5},
  month = sep,
  file = {Fudenberg-FolkTheoremWith-1994.pdf:Fudenberg-FolkTheoremWith-1994.pdf:PDF;Fudenberg-FolkTheoremWith-1994.pdf:Fudenberg-FolkTheoremWith-1994.pdf:PDF;Fudenberg-FolkTheoremWith-1994.pdf:Fudenberg-FolkTheoremWith-1994.pdf:PDF},
  keywords = {Discounting, Game Theory},
  owner = {floha},
  pdf = {Fudenberg-FolkTheoremWith-1994.pdf},
  sn = {0012-9682},
  timestamp = {2007.07.10},
  ut = {ISI:A1994PG74300001}
}

@ARTICLE{Genicot-Contractsandexternalities-2006,
  author = {Genicot, Garance and Ray, Debraj},
  title = {Contracts and externalities: How things fall apart},
  journal = {Journal of Economic theory},
  year = {2006},
  volume = {131},
  pages = {71--100},
  number = {1},
  month = nov,
  abstract = {A single principal interacts with several agents, offering them contracts.
	The crucial assumption of this paper is that the outside-option payoffs
	of the agents depend positively on how many uncontracted or "free"
	agents there are. We study how such a principal, unwelcome though
	he may be, approaches the problem of contract provision to agents
	when coordination failure among the latter group is explicitly ruled
	out. Two variants are considered. When the principal cannot re-approach
	agents, there is a unique equilibrium, in which contract provision
	is split up into two phases. In phase 1, simultaneous offers at good
	(though varying) terms are made to a number of agents. In phase 2,
	offers must be made sequentially, and their values are "discontinuously"
	lower: they are close to the very lowest of all the outside options.
	When the principal can repeatedly approach the same agent, there
	is a multiplicity of equilibria. In some of these, the agents have
	the power to force delay. They can hold off the principal's overtures
	temporarily, but they must succumb in finite time. In both models,
	despite being able to coordinate their actions, agents cannot resist
	an "invasion" by the principal and hold to their best payoff. It
	is in this sense that "things [eventually] fall apart".},
  file = {Genicot-Contractsandexternalities-2006.pdf:Genicot-Contractsandexternalities-2006.pdf:PDF;Genicot-Contractsandexternalities-2006.pdf:Genicot-Contractsandexternalities-2006.pdf:PDF;Genicot-Contractsandexternalities-2006.pdf:Genicot-Contractsandexternalities-2006.pdf:PDF},
  keywords = {Spatial Externalities, Game Theory Coordination Games, Economics Spatial
	Externalities},
  owner = {floha},
  pdf = {Genicot-Contractsandexternalities-2006.pdf},
  timestamp = {2007.09.25},
  url = {http://www.sciencedirect.com/science/article/B6WJ3-4GWC2CK-2/2/071147c61d89a58db787b3a80e137bf9}
}

@ARTICLE{Gintis-Costlysignalingand-2001,
  author = {Gintis, H. and Smith, E. A. and Bowles, S.},
  title = {Costly signaling and cooperation},
  journal = {Journal of Theoretical Biology},
  year = {2001},
  volume = {213},
  pages = {103--119},
  number = {1},
  month = nov,
  file = {Gintis-Costlysignalingand-2001.pdf:Gintis-Costlysignalingand-2001.pdf:PDF;Gintis-Costlysignalingand-2001.pdf:Gintis-Costlysignalingand-2001.pdf:PDF;Gintis-Costlysignalingand-2001.pdf:Gintis-Costlysignalingand-2001.pdf:PDF},
  keywords = {Game Theory},
  owner = {floha},
  pdf = {Gintis-Costlysignalingand-2001.pdf},
  sn = {0022-5193},
  timestamp = {2007.07.23},
  ut = {ISI:000172196000008}
}

@ARTICLE{Hardling-Fairnessevolutionin-2007,
  author = {Hardling, R.},
  title = {Fairness evolution in the ultimatum game is a function of reward
	size},
  journal = {Journal of Theoretical Biology},
  year = {2007},
  volume = {246},
  pages = {720--724},
  number = {4},
  month = jun,
  af = {Hardling, Roger},
  keywords = {Game Theory Cheap Talk},
  owner = {floha},
  sn = {0022-5193},
  timestamp = {2007.08.17},
  ut = {ISI:000247097000010}
}

@ARTICLE{Harris-Resource-AllocationUnderAsymmetric-1981,
  author = {Harris, M. and Townsend, R. M.},
  title = {Resource-allocation under asymmetric information},
  journal = {Econometrica},
  year = {1981},
  volume = {49},
  pages = {33--64},
  number = {1},
  doi = {10.2307/1911125},
  file = {Harris-Resource-AllocationUnderAsymmetric-1981.pdf:Harris-Resource-AllocationUnderAsymmetric-1981.pdf:PDF;Harris-Resource-AllocationUnderAsymmetric-1981.pdf:Harris-Resource-AllocationUnderAsymmetric-1981.pdf:PDF;Harris-Resource-AllocationUnderAsymmetric-1981.pdf:Harris-Resource-AllocationUnderAsymmetric-1981.pdf:PDF},
  keywords = {Asymmetric Information},
  owner = {floha},
  pdf = {Harris-Resource-AllocationUnderAsymmetric-1981.pdf},
  sn = {0012-9682},
  timestamp = {2007.07.17},
  ut = {ISI:A1981LP86900002}
}

@ARTICLE{Hauert-Spatialstructureoften-2004,
  author = {Hauert, C. and Doebeli, M.},
  title = {Spatial structure often inhibits the evolution of cooperation in
	the snowdrift game},
  journal = {Nature},
  year = {2004},
  volume = {428},
  pages = {643--646},
  number = {6983},
  month = apr,
  file = {Hauert-Spatialstructureoften-2004.pdf:Hauert-Spatialstructureoften-2004.pdf:PDF;Hauert-Spatialstructureoften-2004.pdf:Hauert-Spatialstructureoften-2004.pdf:PDF;Hauert-Spatialstructureoften-2004.pdf:Hauert-Spatialstructureoften-2004.pdf:PDF},
  keywords = {Game Theory, Game Theory Evolutionary},
  owner = {floha},
  pdf = {Hauert-Spatialstructureoften-2004.pdf},
  sn = {0028-0836},
  timestamp = {2007.10.30},
  ut = {ISI:000220697200041}
}

@ARTICLE{Hichri-emergenceofcoordination-2007,
  author = {Hichri, W. and Kirman, A.},
  title = {The emergence of coordination in public good games},
  journal = {European Physical Journal B: Condensed Matter Physics},
  year = {2007},
  volume = {55},
  pages = {149--159},
  number = {2},
  month = jan,
  af = {Hichri, W.EOLEOLKirman, A.},
  file = {Hichri-emergenceofcoordination-2007.pdf:Hichri-emergenceofcoordination-2007.pdf:PDF;Hichri-emergenceofcoordination-2007.pdf:Hichri-emergenceofcoordination-2007.pdf:PDF;Hichri-emergenceofcoordination-2007.pdf:Hichri-emergenceofcoordination-2007.pdf:PDF},
  keywords = {Game Theory Coordination Games, Economics},
  owner = {floha},
  pdf = {Hichri-emergenceofcoordination-2007.pdf},
  sn = {1434-6028},
  timestamp = {2007.06.29},
  ut = {ISI:000244306300005}
}

@ARTICLE{ISAAC-Group-SizeAndVoluntary-1994,
  author = {Isaac, R. M. and Walker, J. M. and Williams, A. W.},
  title = {Group-size and the voluntary provision of public-goods - experimental-evidence
	utilizing large groups},
  journal = {Journal of Public Economics},
  year = {1994},
  volume = {54},
  pages = {1--36},
  number = {1},
  month = may,
  file = {ISAAC-Group-SizeAndVoluntary-1994.pdf:ISAAC-Group-SizeAndVoluntary-1994.pdf:PDF;ISAAC-Group-SizeAndVoluntary-1994.pdf:ISAAC-Group-SizeAndVoluntary-1994.pdf:PDF;ISAAC-Group-SizeAndVoluntary-1994.pdf:ISAAC-Group-SizeAndVoluntary-1994.pdf:PDF},
  keywords = {Game Theory Public Good Games},
  owner = {floha},
  pdf = {ISAAC-Group-SizeAndVoluntary-1994.pdf},
  sn = {0047-2727},
  timestamp = {2007.09.14},
  ut = {ISI:A1994NU82800001}
}

@ARTICLE{Meirowitz-Communicationandbargaining-2007,
  author = {Meirowitz, A.},
  title = {Communication and bargaining in the spatial model},
  journal = {International Journal of Game theory},
  year = {2007},
  volume = {35},
  pages = {251--266},
  number = {2},
  month = jan,
  abstract = {This paper studies collective choice by participants possessing private
	information in policymaking institutions that involve cheap-talk
	communication and bargaining. The main result establishes a connection
	between the extent to which problems of this type posses fully-revealing
	equilibria that select policies in the full information majority
	rule core (when it is well-defined) and the extent to which a fictitious
	sender-receiver game possesses a fully revealing equilibria. This
	result allows us to extend Banks and Duggan’s (Am polit Sci Rev 94(1)
	73–88, 2000) core equivalence results to the case of noisy policymaking
	environments with private information and communication when some
	combination of non exclusivity and preference alignment conditions
	are satisfied.},
  af = {Meirowitz, Adam},
  file = {Meirowitz-Communicationandbargaining-2007.pdf:Meirowitz-Communicationandbargaining-2007.pdf:PDF;Meirowitz-Communicationandbargaining-2007.pdf:Meirowitz-Communicationandbargaining-2007.pdf:PDF;Meirowitz-Communicationandbargaining-2007.pdf:Meirowitz-Communicationandbargaining-2007.pdf:PDF},
  keywords = {Game Theory Coordination Games},
  owner = {floha},
  pdf = {Meirowitz-Communicationandbargaining-2007.pdf},
  sn = {0020-7276},
  timestamp = {2007.06.29},
  ut = {ISI:000243607000005}
}

@ARTICLE{Milinski-Reputationhelpssolve-2002,
  author = {Milinski, M. and Semmann, D. and Krambeck, H. J.},
  title = {Reputation helps solve the 'tragedy of the commons'},
  journal = {Nature},
  year = {2002},
  volume = {415},
  pages = {424--426},
  number = {6870},
  month = jan,
  doi = {10.1038/415424a},
  file = {Milinski-Reputationhelpssolve-2002.pdf:Milinski-Reputationhelpssolve-2002.pdf:PDF;Milinski-Reputationhelpssolve-2002.pdf:Milinski-Reputationhelpssolve-2002.pdf:PDF;Milinski-Reputationhelpssolve-2002.pdf:Milinski-Reputationhelpssolve-2002.pdf:PDF},
  keywords = {Game Theory, Game Theory Public Good Games, Game Theory Reputation},
  owner = {floha},
  pdf = {Milinski-Reputationhelpssolve-2002.pdf},
  sn = {0028-0836},
  timestamp = {2007.07.23},
  ut = {ISI:000173433600048}
}

@ARTICLE{Nowak-Fiverulesevolution-2006,
  author = {Nowak, M. A.},
  title = {Five rules for the evolution of cooperation},
  journal = {Science},
  year = {2006},
  volume = {314},
  pages = {1560--1563},
  number = {5805},
  month = dec,
  af = {Nowak, Martin A.},
  file = {Nowak-Fiverulesevolution-2006.pdf:Nowak-Fiverulesevolution-2006.pdf:PDF;Nowak-Fiverulesevolution-2006.pdf:Nowak-Fiverulesevolution-2006.pdf:PDF},
  keywords = {Game Theory},
  owner = {floha},
  pdf = {Nowak-Fiverulesevolution-2006.pdf},
  sn = {0036-8075},
  timestamp = {2007.08.02},
  ut = {ISI:000242624600030}
}

@ARTICLE{Nowak-EvolutionaryGamesAnd-1992,
  author = {Nowak, M. A. and May, R. M.},
  title = {Evolutionary games and spatial chaos},
  journal = {Nature},
  year = {1992},
  volume = {359},
  pages = {826--829},
  number = {6398},
  month = oct,
  keywords = {Game Theory},
  owner = {floha},
  sn = {0028-0836},
  timestamp = {2007.07.02},
  ut = {ISI:A1992JV77700063}
}

@ARTICLE{Nowak-Evolutionofindirect-2005,
  author = {Nowak, M. A. and Sigmund, K.},
  title = {Evolution of indirect reciprocity},
  journal = {Nature},
  year = {2005},
  volume = {437},
  pages = {1291--1298},
  number = {7063},
  month = oct,
  file = {Nowak-Evolutionofindirect-2005.pdf:Nowak-Evolutionofindirect-2005.pdf:PDF;Nowak-Evolutionofindirect-2005.pdf:Nowak-Evolutionofindirect-2005.pdf:PDF},
  keywords = {Game Theory},
  owner = {floha},
  pdf = {Nowak-Evolutionofindirect-2005.pdf},
  sn = {0028-0836},
  timestamp = {2007.08.02},
  ut = {ISI:000232829100043}
}

@ARTICLE{Ostrom-behavioralapproachto-1998,
  author = {Ostrom, E.},
  title = {A behavioral approach to the rational choice theory of collective
	action},
  journal = {American Political Science Review},
  year = {1998},
  volume = {92},
  pages = {1--22},
  number = {1},
  month = mar,
  file = {Ostrom-behavioralapproachto-1998.pdf:Ostrom-behavioralapproachto-1998.pdf:PDF;Ostrom-behavioralapproachto-1998.pdf:Ostrom-behavioralapproachto-1998.pdf:PDF;Ostrom-behavioralapproachto-1998.pdf:Ostrom-behavioralapproachto-1998.pdf:PDF},
  keywords = {Game Theory Reputation},
  owner = {floha},
  pdf = {Ostrom-behavioralapproachto-1998.pdf},
  sn = {0003-0554},
  timestamp = {2007.07.23},
  ut = {ISI:000072227100002}
}

@ARTICLE{Pacheco-Stern-JudgingSimpleSuccessful-2006,
  author = {Pacheco, Jorge M. and Santos, Francisco C. and Chalub, Fabio A. C.
	C.},
  title = {Stern-judging: a simple, successful norm which promotes cooperation
	under indirect reciprocity},
  journal = {PLoS Computational Biology},
  year = {2006},
  volume = {2},
  pages = {e178--},
  number = {12},
  month = dec,
  abstract = {We study the evolution of cooperation under indirect reciprocity,
	believed to constitute the biological basis of morality. We employ
	an evolutionary game theoretical model of multilevel selection, and
	show that natural selection and mutation lead to the emergence of
	a robust and simple social norm, which we call stern-judging. Under
	stern-judging, helping a good individual or refusing help to a bad
	individual leads to a good reputation, whereas refusing help to a
	good individual or helping a bad one leads to a bad reputation. Similarly
	for tit-for-tat and win-stay-lose-shift, the simplest ubiquitous
	strategies in direct reciprocity, the lack of ambiguity of stern-judging,
	where implacable punishment is compensated by prompt forgiving, supports
	the idea that simplicity is often associated with evolutionary success.},
  file = {Pacheco-Stern-JudgingSimpleSuccessful-2006.pdf:Pacheco-Stern-JudgingSimpleSuccessful-2006.pdf:PDF;Pacheco-Stern-JudgingSimpleSuccessful-2006.pdf:Pacheco-Stern-JudgingSimpleSuccessful-2006.pdf:PDF;Pacheco-Stern-JudgingSimpleSuccessful-2006.pdf:Pacheco-Stern-JudgingSimpleSuccessful-2006.pdf:PDF},
  keywords = {Game Theory, Game Theory Social Norms},
  owner = {floha},
  pdf = {Pacheco-Stern-JudgingSimpleSuccessful-2006.pdf},
  timestamp = {2007.08.02},
  url = {http://dx.doi.org/10.1371%2Fjournal.pcbi.0020178}
}

@ARTICLE{Palfrey-Testingeffectsof-1991,
  author = {Palfrey, Thomas R. and Rosenthal, Howard},
  title = {Testing for effects of cheap talk in a public goods game with private
	information},
  journal = {Games And Economic Behavior},
  year = {1991},
  volume = {3},
  pages = {183--220},
  number = {2},
  month = may,
  abstract = {We investigate a game where player endowments are private information.
	If two of the three players contribute their endowments, a "public"
	benefit is paid to all three players. In one treatment, there is
	a single move with simultaneous decisions. In a second, cheap talk
	treatment, players may send binary messages prior to the decision
	move. Experimental data strongly support the equilibrium model for
	the first treatment. The results are mixed for the cheap talk treatment.
	While subjects condition heavily on the messages they receive, message
	behavior is less systematic.},
  file = {Palfrey-Testingeffectsof-1991.pdf:Palfrey-Testingeffectsof-1991.pdf:PDF;Palfrey-Testingeffectsof-1991.pdf:Palfrey-Testingeffectsof-1991.pdf:PDF;Palfrey-Testingeffectsof-1991.pdf:Palfrey-Testingeffectsof-1991.pdf:PDF},
  keywords = {Game Theory Cheap Talk},
  owner = {floha},
  pdf = {Palfrey-Testingeffectsof-1991.pdf},
  timestamp = {2007.08.15},
  url = {http://www.sciencedirect.com/science/article/B6WFW-4CYGSWC-3B/2/c2c246e9c6b85fd7e8ee77a02fb33b45}
}

@ARTICLE{Parkhurst-Repetitioncommunicationand-2004a,
  author = {Parkhurst, G. M. and Shogren, J. F. and Bastian, C.},
  title = {Repetition, communication, and coordination failure},
  journal = {Experimental Economics},
  year = {2004},
  volume = {7},
  pages = {141--152},
  number = {2},
  doi = {10.1023/B:EXEC.0000026976.44467.66},
  file = {Parkhurst-Repetitioncommunicationand-2004a.pdf:Parkhurst-Repetitioncommunicationand-2004a.pdf:PDF;Parkhurst-Repetitioncommunicationand-2004a.pdf:Parkhurst-Repetitioncommunicationand-2004a.pdf:PDF;Parkhurst-Repetitioncommunicationand-2004a.pdf:Parkhurst-Repetitioncommunicationand-2004a.pdf:PDF},
  keywords = {Game Theory Coordination Games, Game Theory Cheap Talk},
  owner = {floha},
  pdf = {Parkhurst-Repetitioncommunicationand-2004a.pdf},
  sn = {1386-4157},
  timestamp = {2007.07.02},
  ut = {ISI:000225201800002}
}

@ARTICLE{Sigmund-Rewardandpunishment-2001,
  author = {Sigmund, K. and Hauert, C. and Nowak, M. A.},
  title = {Reward and punishment},
  journal = {Proceedings of the National Academy of Sciences of the United States
	of America-Physical Sciences},
  year = {2001},
  volume = {98},
  pages = {10757--10762},
  number = {19},
  month = sep,
  doi = {10.1073/pnas.161155698},
  file = {Sigmund-Rewardandpunishment-2001.pdf:Sigmund-Rewardandpunishment-2001.pdf:PDF;Sigmund-Rewardandpunishment-2001.pdf:Sigmund-Rewardandpunishment-2001.pdf:PDF;Sigmund-Rewardandpunishment-2001.pdf:Sigmund-Rewardandpunishment-2001.pdf:PDF},
  keywords = {Game Theory},
  owner = {floha},
  pdf = {Sigmund-Rewardandpunishment-2001.pdf},
  sn = {0027-8424},
  timestamp = {2007.07.23},
  ut = {ISI:000170966800048}
}

@ARTICLE{Wu-Contractdesignpurchase-1996,
  author = {Wu, J. J. and Babcock, B. A.},
  title = {Contract design for the purchase of environmental goods from agriculture},
  journal = {American Journal of Agricultural Economics},
  year = {1996},
  volume = {78},
  pages = {935--945},
  number = {4},
  month = nov,
  doi = {10.2307/1243850},
  file = {Wu-Contractdesignpurchase-1996.pdf:Wu-Contractdesignpurchase-1996.pdf:PDF;Wu-Contractdesignpurchase-1996.pdf:Wu-Contractdesignpurchase-1996.pdf:PDF;Wu-Contractdesignpurchase-1996.pdf:Wu-Contractdesignpurchase-1996.pdf:PDF},
  keywords = {Asymmetric Information, Conservation Planning Dynamical Costs},
  owner = {floha},
  pdf = {Wu-Contractdesignpurchase-1996.pdf},
  sn = {0002-9092},
  timestamp = {2007.07.17},
  ut = {ISI:A1996WE43600008}
}

@comment{jabref-meta: selector_publisher:Cambridge University Press;}

@comment{jabref-meta: psDirectory:D:\\home\\Bibliography\\Papers;}

@comment{jabref-meta: selector_author:Cook, A.;Drechsler, M.;Ferraro, 
P.J.;Hartig, F.;Nicholson, E.;Parkhurst, G.M.;Polasky, S;Potschin, M.B
.;Quaas, M.;Satake, A.;Shogren, J.F.;Tietenberg, T.;van Teeffelen, A.J
.A.;Watzold, F.;Weeks, R.;Wissel, C.;Wissel, S.;}

@comment{jabref-meta: selector_journal:Ecology And Society;Science;}

@comment{jabref-meta: selector_keywords:abc;ABM;ABMs Land Use;AES;Auct
ions;Bayesian Parametrization;Bayesian Statistics;Biodiversity;Biology
 Coexistence;Biology Coexistence Chaotic;Biology Coexistence Neutral;B
iology Coexistence Niche;Brazilian Atlantic Forest;Carbon and Biodiver
sity;Carbon Trading;Climate Change;Coexistence Neutral Theory;Complex 
systems;Conservation Auctions;Conservation Banking;Conservation Nonlin
ear Cost-Benefit;Conservation Objectives;Conservation Payments;Conserv
ation Payments with Spatial Incentives;Conservation Planning;Conservat
ion Planning Dynamical Costs;Conservation Planning Landscape;Conservat
ion Planning PVA;Conservation Preference Functions;Conservation with c
osts;Coservation Biodiversity;Density Compensation;Discounting;Discoun
ting environmental;Discounting Hyperbolic;Discounting social;Dynamical
 Landscapes;Dynamical Systems;Ecological Economic Modelling;Ecological
 Economics;Ecological Evaluation;Ecological Modelling;Ecology;Economic
s;Economics Biodiversity Commoditization ;Economics Evolutionary;Econo
mics Experimental;Economics Externalities;Economics Local Public Good;
Economics Market Models;Economics Spatial Externalities;Ecosystem Serv
ices;EcoTRADE Publications;Fragmentation;Game Theory;Game Theory Cheap
 Talk;Game Theory Coordination Games;Game Theory Evolutionary;Game The
ory Public Good Games;Game Theory Reputation;Game Theory Social Norms;
Habitat Suitability Models;IBM;IDH;Invasions;Inverse Parametrization;I
sing Model;Ising Models for Social Interactions;Land Prices;Landscape 
Ecology;Landscape equivalency analysis;Levy Flights;Likelihood approxi
mations;Markets for Biodiversity;Matrix Models;MBIs;MBIs Behavior;MBIs
 Time;MCMC;Mean Time to Extinction;means and ends objectives;Metapopul
ation Dynamics;Metapopulation Theory;Metrics;Model selection;Moment Cl
osure;Monte carlo filtering;Multi-species objectives;Networks;Optimiza
tion;Optimization Simmulated Annealing;Parametrization;Pattern Oriente
d Modelling;Percolation;Permit Banking;Physics;Presence Absence;Reserv
e Site Selection;Reserve Site Selection Dynamical;Risk;Sampling Random
 Fields;Scaling;Scientific Communication;Self organized criticality;Se
lf-Organization;Software Manuals;Spatial Externalities;Spin Models;Sta
tistics;TDR ;Theoretical Ecology;Thresholds;Tradable Permits;Wetland M
itigation Banking;Zoning;}

@comment{jabref-meta: pdfDirectory:D:\\home\\Bibliography\\Papers;}

@comment{jabref-meta: groupsversion:3;}

@comment{jabref-meta: groupstree:
0 AllEntriesGroup:;
1 ExplicitGroup:Topics\;0\;;
2 ExplicitGroup:Modelling\;2\;;
3 KeywordGroup:ABMs\;0\;keywords\;ABM\;0\;0\;;
3 KeywordGroup:IBMs\;0\;keywords\;IBM\;0\;0\;;
3 KeywordGroup:Software Manuals\;0\;keywords\;Software Manuals\;0\;0\;
;
3 ExplicitGroup:Complexity\;2\;;
4 KeywordGroup:Complex systems\;0\;keywords\;Complex systems\;0\;0\;;
4 KeywordGroup:Ising Model\;0\;keywords\;Ising Model\;0\;0\;;
4 KeywordGroup:Self-Organization\;0\;keywords\;Self-Organization\;0\;0
\;;
4 KeywordGroup:Spin Models\;0\;keywords\;Spin Models\;0\;0\;;
4 KeywordGroup:SOC\;0\;keywords\;Self organized criticality\;0\;0\;;
4 KeywordGroup:Scaling\;0\;keywords\;Scaling\;0\;0\;;
4 KeywordGroup:Networks\;0\;keywords\;Networks\;0\;0\;;
3 KeywordGroup:Game Theory\;2\;keywords\;Game Theory\;0\;0\;;
4 KeywordGroup:Evolutionary Game Theory\;0\;keywords\;Game Theory Evol
utionary\;0\;0\;;
4 KeywordGroup:Game Theory Coordination Games\;0\;keywords\;Game Theor
y Coordination Games\;0\;0\;;
4 KeywordGroup:Asymmetric Information\;0\;keywords\;Asymmetric Informa
tion\;0\;0\;;
3 KeywordGroup:Statistics\;2\;keywords\;Statistics\;0\;0\;;
4 KeywordGroup:Presence Absence\;0\;keywords\;Presence Absence\;0\;0\;
;
4 KeywordGroup:Moment Closure\;0\;keywords\;Moment Closure\;0\;0\;;
4 KeywordGroup:Mean Time to Extinction\;0\;keywords\;Mean Time to Exti
nction\;0\;0\;;
3 ExplicitGroup:Parametrization and model selection\;2\;;
4 KeywordGroup:MCMC\;0\;keywords\;MCMC\;0\;0\;;
4 KeywordGroup:Inverse Parametrization\;0\;keywords\;Inverse Parametri
zation\;0\;0\;;
4 KeywordGroup:Model selection\;0\;keywords\;Model selection\;0\;0\;;
4 KeywordGroup:Bayesian Parametrization\;0\;keywords\;Bayesian Paramet
rization\;0\;0\;;
4 KeywordGroup:Monte carlo filtering\;0\;keywords\;Monte carlo filteri
ng\;0\;0\;;
4 KeywordGroup:Likelihood approximations\;0\;keywords\;Likelihood appr
oximations\;0\;0\;;
5 KeywordGroup:abc\;0\;keywords\;abc\;0\;0\;;
5 KeywordGroup:Parametric Likelihood Approximations\;0\;keywords\;Para
metric Likelihood Approximations\;0\;0\;;
5 KeywordGroup:LA through kernel density estimation\;0\;keywords\;LA t
hrough kernel density estimation\;0\;0\;;
4 ExplicitGroup:Inversrse Parametrization Methods Reading Group\;0\;Bu
rnham-Kullback-Leiblerinformationas-2001\;Hobbs-Alternativestostatisti
cal-2006\;;
2 KeywordGroup:Scientific Communication\;0\;keywords\;Scientific Commu
nication\;0\;0\;;
2 KeywordGroup:Biology\;0\;keywords\;Biology\;0\;0\;;
3 KeywordGroup:Biology Coexistence Chaotic\;0\;keywords\;Biology Coexi
stence Chaotic\;0\;0\;;
3 KeywordGroup:Intermediate Disturbance Hypothesis\;0\;keywords\;IDH\;
0\;0\;;
3 KeywordGroup:density compensation\;0\;keywords\;Density Compensation
\;0\;0\;;
2 ExplicitGroup:Economics\;2\;;
3 KeywordGroup:Economics Biodiversity Commoditization\;0\;keywords\;Ec
onomics Biodiversity Commoditization\;0\;0\;;
3 KeywordGroup:Economics Evolutionary\;0\;keywords\;Economics Evolutio
nary\;0\;0\;;
3 KeywordGroup:Economics Local Public Good\;0\;keywords\;Economics Loc
al Public Good\;0\;0\;;
3 KeywordGroup:Economics Externalities\;0\;keywords\;Economics Externa
lities\;0\;0\;;
3 KeywordGroup:Economics Experimental\;0\;keywords\;Economics Experime
ntal\;0\;0\;;
3 KeywordGroup:Spatial Externalities\;0\;keywords\;Spatial Externaliti
es\;0\;0\;;
3 KeywordGroup:Economics Spatial Externalities\;0\;keywords\;Economics
 Spatial Externalities\;0\;0\;;
3 KeywordGroup:Discounting\;2\;keywords\;Discounting\;0\;0\;;
4 KeywordGroup:Environmental\;0\;keywords\;Discounting environmental\;
0\;0\;;
4 KeywordGroup:Permit Banking\;0\;keywords\;Permit Banking\;0\;0\;;
4 KeywordGroup:Social\;0\;keywords\;Discounting social\;0\;0\;;
2 ExplicitGroup:Conservation\;2\;Murphy-RoleofScientists-2007\;Rodrigu
es-Shortcutsbiodiversityconservation-2007\;;
3 KeywordGroup:MBIs\;2\;keywords\;MBIs\;0\;0\;;
4 KeywordGroup:Markets for Biodiversity\;0\;keywords\;Markets for Biod
iversity\;0\;0\;;
4 KeywordGroup:Conservation Auctions\;0\;keywords\;Conservation Auctio
ns\;0\;0\;;
4 KeywordGroup:AES\;0\;keywords\;AES\;0\;0\;;
4 KeywordGroup:TDR\;0\;keywords\;TDR\;0\;0\;;
4 KeywordGroup:Conservation Payments\;0\;keywords\;Conservation Paymen
ts\;0\;0\;;
4 KeywordGroup:MBIs Behavior\;0\;keywords\;MBIs Behavior\;0\;0\;;
4 KeywordGroup:MBIs Time\;0\;keywords\;MBIs Time\;0\;0\;;
4 KeywordGroup:Carbon and Biodiversity\;0\;keywords\;Carbon and Biodiv
ersity\;0\;0\;;
4 KeywordGroup:Carbon trading\;0\;keywords\;Carbon Trading\;0\;0\;;
4 KeywordGroup:Payments\;0\;keywords\;Conservation Payments\;0\;0\;;
3 KeywordGroup:Conservation planning\;2\;keywords\;Conservation planni
ng\;0\;0\;;
4 KeywordGroup:PVA\;0\;keywords\;Conservation Planning PVA\;0\;0\;;
4 KeywordGroup:Conservation Objectives\;0\;keywords\;Conservation Obje
ctives\;0\;0\;;
4 KeywordGroup:Reserve site selection\;0\;keywords\;Reserve Site Selec
tion\;0\;0\;;
4 KeywordGroup:Reserve Site Selection Dynamical\;0\;keywords\;Reserve 
Site Selection Dynamical\;0\;0\;;
4 KeywordGroup:multi-species objectives\;0\;keywords\;Multi-species ob
jectives\;0\;0\;;
4 KeywordGroup:Conservation with Costs\;0\;keywords\;Conservation with
 costs\;0\;0\;;
5 KeywordGroup:Conservation Nonlinear Cost-Benefit\;0\;keywords\;Conse
rvation Nonlinear Cost-Benefit\;0\;0\;;
3 ExplicitGroup:General Topics\;2\;;
4 KeywordGroup:Fragmentation\;0\;keywords\;Fragmentation\;0\;0\;;
4 KeywordGroup:Thresholds\;0\;keywords\;Thresholds\;0\;0\;;
4 KeywordGroup:Climate Change\;0\;keywords\;Climate Change\;0\;0\;;
1 ExplicitGroup:Authors\;0\;;
2 ExplicitGroup:EcoTRADE\;2\;;
3 KeywordGroup:Astrid\;0\;author\;van Teeffelen, A.J.A.\;0\;0\;;
3 KeywordGroup:Claire Vos\;0\;keywords\;Vos, C.\;0\;0\;;
3 KeywordGroup:Hugh Possingham\;0\;author\;possingham\;0\;0\;;
3 KeywordGroup:Marion Potschin\;0\;author\;Potschin\;0\;0\;;
3 KeywordGroup:Paul Opdam\;0\;author\;Opdam, P\;0\;0\;;
3 KeywordGroup:Roy Haines-Young\;0\;author\;Haines-Young\;0\;0\;;
3 KeywordGroup:EcoTRADE Publications\;0\;keywords\;EcoTRADE Publicatio
ns\;0\;0\;;
2 KeywordGroup:UFZ\;2\;keywords\;UFZ\;0\;0\;;
3 KeywordGroup:Frank Waetzold\;0\;author\;watzold, f\;0\;0\;;
3 KeywordGroup:Florian Hartig\;0\;author\;Hartig\;0\;0\;;
3 KeywordGroup:Julia Touza\;0\;author\;Touza\;0\;0\;;
3 KeywordGroup:Karin Frank\;0\;author\;Frank, K\;0\;0\;;
3 KeywordGroup:Karin Johst\;0\;author\;Johst\;0\;0\;;
3 KeywordGroup:Martin Drechsler\;0\;author\;Drechsler, M.\;0\;0\;;
3 KeywordGroup:Martin Quaas\;0\;author\;Quaas\;0\;0\;;
3 KeywordGroup:Stefanie Kramer-Schadt\;0\;author\;Kramer-Schadt\;0\;0\
;;
3 KeywordGroup:Volker Grimm\;0\;author\;Grimm\;0\;0\;;
2 ExplicitGroup:Economics\;2\;;
3 KeywordGroup:Polasky, Stephen\;0\;author\;Polasky\;0\;0\;;
3 KeywordGroup:Jason Shogren\;0\;author\;shogren\;0\;0\;;
3 KeywordGroup:Frank Schweitzer\;0\;author\;Schweitzer, F.\;0\;0\;;
2 ExplicitGroup:Ecology\;2\;;
3 KeywordGroup:Atte Moilanen\;0\;author\;Moilanen\;0\;0\;;
1 ExplicitGroup:Work\;0\;;
2 ExplicitGroup:Correlated Certificats\;0\;Ando-SpeciesDistributionsLa
nd-1998\;Bruggeman-Landscapeequivalencyanalysis-2005\;Costello-Dynamic
reservesite-2004\;Drechsler-Probabilisticapproachesto-2005\;Drechsler-
Rankingmetapopulationextinction-2003\;Drechsler-optimaldynamicallocati
on-2007\;Faith-Complementaritybiodiversityviability-2003\;Faith-Integr
atingconservationand-1996\;Farrell-Cheaptalk-1996\;Frank-Spatialaspect
sof-1998\;Grimm-standardprotocoldescribing-2006\;Kirkpatrick-Optimizat
ionBySimulated-1983\;Latacz-Lohmann-AuctionsConservationContracts-2005
\;Latacz-Lohmann-Auctionsasmeans-1998\;Meir-Doesconservationplanning-2
004\;Milinski-Reputationhelpssolve-2002\;Mills-Transferabledevelopment
rights-1980\;Moilanen-ReserveSelectionUsing-2005\;Nicholson-Objectives
multiple-speciesconservation-2006\;Oetting-Systematicreservedesign-200
6\;Opdam-Climatechangemeets-2004\;Opdam-Ecologicalnetworksspatial-2006
\;Opdam-Landscapecohesionindex-2003\;Parkhurst-Agglomerationbonusincen
tive-2002\;Polasky-Choosingreservenetworks-2000\;Polasky-Youcan'talway
s-2006\;Sell-LevelsOfInformation-1991\;Vuilleumier-Doescolonizationasy
mmetry-2006\;Watzold-Whybewasteful-2005\;Wu-Contractdesignpurchase-199
6\;;
3 ExplicitGroup:Checken\;0\;WUNDER-EfficiencyofPayments-2007\;Wu-Contr
actdesignpurchase-1996\;;
2 ExplicitGroup:LandPrices\;0\;Plantinga-Agriculturallandvalues-2001\;
;
2 ExplicitGroup:Optimal Spatial\;0\;Ando-SpeciesDistributionsLand-1998
\;Armsworth-FromCoverLand-2006\;;
2 ExplicitGroup:Case Study\;0\;Chomitz-Viablereservenetworks-2006\;;
2 ExplicitGroup:Cannibalism\;0\;Baras-Dynamicsofintracohort-2002\;Clae
ssen-DwarfsandGiants-2002\;Claessen-Populationdynamictheory-2004\;DeAn
gelis-CannibalismAndSize-1980\;Folkvord-EffectsOfInitial-1993\;Folkvor
d-GrowthSurvivalAnd-1991\;Kramer-First-yeargrowthof-1960\;Petit-Densit
yeffectsfood-2001\;Prather-Efficiencyoffood-1951\;Topping-Violanewvisu
al-1999\;Turner-Foodofyoung-1920\;;
2 ExplicitGroup:DynamicLandscapes\;0\;Bengtsson-ReservesResilienceand-
2003\;Hobbs-DisturbanceDiversityAnd-1992\;Pressey-Ismaximizingprotecti
on-2004\;;
2 ExplicitGroup:EcoTRADE\;0\;;
3 ExplicitGroup:Case Study\;0\;Eppink-Internalisingcostsof-2008\;Hilfe
rink-LANDUSESCANNER-1999\;Koomen-Climate-ChangeAdaptationsin-2008\;MNP
-Nederlandlater.Tweede-2007\;Runhaar-Hotspotsfloristischebiodiversitei
t-2005\;Schotten-ResidentialConstructionLand-2001\;Verburg-Landusechan
ge-2004\;;
2 ExplicitGroup:Zu lesen\;0\;Frey-TertiumDatur--1992\;Gulati-OptimalLe
ngthof-2005\;Sarkar-Biodiversityconservationplanning-2006\;;
2 ExplicitGroup:Papers\;0\;;
3 KeywordGroup:Conservation Objectives\;0\;keywords\;Conservation Obje
ctives\;0\;0\;;
3 KeywordGroup:Brazilian Atlantic Forest\;0\;keywords\;Brazilian Atlan
tic Forest\;0\;0\;;
3 ExplicitGroup:densityCompensation\;0\;Levine-Persistenceandconvergen
ce-1977\;;
}

